
@article{chexpert,
  title={CheXpert Plus: Augmenting a Large Chest X-ray Dataset with Text Radiology Reports, Patient Demographics and Additional Image Formats},
  author={Chambon, Pierre and Delbrouck, Jean-Benoit and Sounack, Thomas and Huang, Shih-Cheng and Chen, Zhihong and Varma, Maya and Truong, Steven QH and Chuong, Chu The and Langlotz, Curtis P},
  journal={arXiv preprint arXiv:2405.19538},
  year={2024}
}

@inproceedings{torchxrayvision,
    title = {{TorchXRayVision: A library of chest X-ray datasets and models}},
    author = {Cohen, Joseph Paul and Viviano, Joseph D. and Bertin, Paul and Morrison, Paul and Torabian, Parsa and Guarrera, Matteo and Lungren, Matthew P and Chaudhari, Akshay and Brooks, Rupert and Hashir, Mohammad and Bertrand, Hadrien},
    booktitle = {Medical Imaging with Deep Learning},
    url = {https://github.com/mlmed/torchxrayvision},
    arxivId = {2111.00595},
    year = {2022}
}

@article{chestxdet,
    title = {{A Structure-Aware Relation Network for Thoracic Diseases Detection and Segmentation}},
    author = {Lian, Jie and Liu, Jingyu and Zhang, Shu and Gao, Kai and Liu, Xiaoqing and Zhang, Dingwen and Yu, Yizhou},
    doi = {10.48550/arxiv.2104.10326},
    journal = {IEEE Transactions on Medical Imaging},
    url = {https://arxiv.org/abs/2104.10326},
    year = {2021}
}

@inproceedings{nih,
  title = {{{ChestX-Ray8}}: {{Hospital-Scale Chest X-Ray Database}} and {{Benchmarks}} on {{Weakly-Supervised Classification}} and {{Localization}} of {{Common Thorax Diseases}}},
  shorttitle = {{{ChestX-Ray8}}},
  booktitle = {2017 {{IEEE Conference}} on {{Computer Vision}} and {{Pattern Recognition}} ({{CVPR}})},
  author = {Wang, Xiaosong and Peng, Yifan and Lu, Le and Lu, Zhiyong and Bagheri, Mohammadhadi and Summers, Ronald M.},
  year = {2017},
  month = jul,
  pages = {3462--3471},
  publisher = {IEEE},
  address = {Honolulu, HI},
  doi = {10.1109/CVPR.2017.369},
  urldate = {2025-05-14},
  isbn = {978-1-5386-0457-1},
  file = {/Users/aast/Zotero/storage/K7QIATLP/Wang et al. - 2017 - ChestX-Ray8 Hospital-Scale Chest X-Ray Database a.pdf}
}


@inproceedings{zhangComprehensiveEvaluationFull2012,
  title = {A Comprehensive Evaluation of Full Reference Image Quality Assessment Algorithms},
  booktitle = {2012 19th {{IEEE International Conference}} on {{Image Processing}}},
  author = {Zhang, Lin and Zhang, Lei and Mou, Xuanqin and Zhang, David},
  date = {2012-09},
  pages = {1477--1480},
  publisher = {IEEE},
  location = {Orlando, FL, USA},
  doi = {10.1109/ICIP.2012.6467150},
  url = {http://ieeexplore.ieee.org/document/6467150/},
  urldate = {2025-05-15},
  eventtitle = {2012 19th {{IEEE International Conference}} on {{Image Processing}} ({{ICIP}} 2012)},
  isbn = {978-1-4673-2533-2 978-1-4673-2534-9 978-1-4673-2532-5},
  file = {/Users/aast/Zotero/storage/AXF7NIW8/Zhang et al. - 2012 - A comprehensive evaluation of full reference image.pdf}
}
